@article{cooper,
author = {Cooper, Jerry and Dobson, Hans},
year = {2007},
month = {09},
pages = {1337-1348},
title = {The benefits of pesticides to mankind and the environment},
volume = {26},
journal = {Crop Protection},
doi = {10.1016/j.cropro.2007.03.022}
}
@inbook{kaur,
author = {Kaur, Harsimran and Garg, Harsh},
year = {2014},
month = {02},
pages = {},
title = {Pesticides: Environmental Impacts and Management Strategies},
doi = {10.5772/57399}
}
@article{bayo,
author = {Sanchez-Bayo, Francisco and Goka, Koichi},
year = {2014},
month = {04},
pages = {e94482},
title = {Pesticide Residues and Bees - A Risk Assessment},
volume = {9},
journal = {PloS one},
doi = {10.1371/journal.pone.0094482}
}
@inbook{Knillmann,
author = {Knillmann, Saskia and Liess, Matthias},
year = {2019},
month = {01},
pages = {211-214},
title = {Pesticide Effects on Stream Ecosystems: Drivers, Risks, and Societal Responses},
isbn = {978-3-319-96228-3},
doi = {10.1007/978-3-319-96229-0_33}
}
@article{sanborn,
author = {Sanborn, M and Kerr, Kathleen and Sanin, L and Cole, Donald and Bassil, Kate and Vakil, Cathy},
year = {2007},
month = {10},
pages = {1712-20},
title = {Non-cancer health effects of pesticides Systematic review and implications for family doctors},
volume = {53},
journal = {Canadian family physician Médecin de famille canadien}
}
@article{KIM2017525,
title = "Exposure to pesticides and the associated human health effects",
journal = "Science of The Total Environment",
volume = "575",
pages = "525 - 535",
year = "2017",
issn = "0048-9697",
doi = "https://doi.org/10.1016/j.scitotenv.2016.09.009",
url = "http://www.sciencedirect.com/science/article/pii/S004896971631926X",
author = "Ki-Hyun Kim and Ehsanul Kabir and Shamin Ara Jahan"
}
@article{Krizhevsky,
author = {Krizhevsky, Alex and Sutskever, Ilya and Hinton, Geoffrey},
year = {2012},
month = {01},
pages = {},
title = {ImageNet Classification with Deep Convolutional Neural Networks},
volume = {25},
journal = {Neural Information Processing Systems},
doi = {10.1145/3065386}
}
@article{Russakovsky,
author = {Russakovsky, Olga and Deng, Jia and Su, Hao and Krause, Jonathan and Satheesh, Sanjeev and Ma, Sean and Huang, Zhiheng and Karpathy, Andrej and Khosla, Aditya and Bernstein, Michael and Berg, Alexander and Li, Fei Fei},
year = {2014},
month = {09},
pages = {},
title = {ImageNet Large Scale Visual Recognition Challenge},
volume = {115},
journal = {International Journal of Computer Vision},
doi = {10.1007/s11263-015-0816-y}
}
@article{Everingham,
author = {Everingham, Mark and Van Gool, Luc and Williams, Christopher and Winn, John and Zisserman, Andrew},
year = {2010},
month = {06},
pages = {303-338},
title = {The Pascal Visual Object Classes (VOC) challenge},
volume = {88},
journal = {International Journal of Computer Vision},
doi = {10.1007/s11263-009-0275-4}
}
@inproceedings{Deng,
author = {Deng, Jia and Dong, Wei and Socher, Richard and Li, Li-Jia and Li, Kai and Li, Fei Fei},
year = {2009},
month = {06},
pages = {248-255},
title = {ImageNet: a Large-Scale Hierarchical Image Database},
journal = {IEEE Conference on Computer Vision and Pattern Recognition},
doi = {10.1109/CVPR.2009.5206848}
}
@article{He2015DeepRL,
  title={Deep Residual Learning for Image Recognition},
  author={Kaiming He and Xiangyu Zhang and Shaoqing Ren and Jian Sun},
  journal={2016 IEEE Conference on Computer Vision and Pattern Recognition (CVPR)},
  year={2015},
  pages={770-778}
}
@inproceedings{Szegedy,
  title={Rethinking the inception architecture for computer vision},
  author={Szegedy, Christian and Vanhoucke, Vincent and Ioffe, Sergey and Shlens, Jon and Wojna, Zbigniew},
  booktitle={Proceedings of the IEEE conference on computer vision and pattern recognition},
  pages={2818--2826},
  year={2016}
}
@article{Hu2017SqueezeandExcitationN,
  title={Squeeze-and-Excitation Networks},
  author={Jie Hu and Li Shen and Gang Sun},
  journal={2018 IEEE/CVF Conference on Computer Vision and Pattern Recognition},
  year={2017},
  pages={7132-7141}
}
@inproceedings{Xie,
  title={Aggregated residual transformations for deep neural networks},
  author={Xie, Saining and Girshick, Ross and Doll{\'a}r, Piotr and Tu, Zhuowen and He, Kaiming},
  booktitle={Proceedings of the IEEE conference on computer vision and pattern recognition},
  pages={1492--1500},
  year={2017}
}
@article{MatrixCalculus,
  author    = {Terence Parr and
               Jeremy Howard},
  title     = {The Matrix Calculus You Need For Deep Learning},
  journal   = {CoRR},
  volume    = {abs/1802.01528},
  year      = {2018},
  url       = {http://arxiv.org/abs/1802.01528},
  archivePrefix = {arXiv},
  eprint    = {1802.01528},
  timestamp = {Mon, 13 Aug 2018 16:48:36 +0200},
  biburl    = {https://dblp.org/rec/bib/journals/corr/abs-1802-01528},
  bibsource = {dblp computer science bibliography, https://dblp.org}
}
@book{Sutton:1998:IRL:551283,
 author = {Sutton, Richard S. and Barto, Andrew G.},
 title = {Introduction to Reinforcement Learning},
 year = {1998},
 isbn = {0262193981},
 edition = {1st},
 publisher = {MIT Press},
 address = {Cambridge, MA, USA},
} 
@Article{McCulloch1943,
author="McCulloch, Warren S.
and Pitts, Walter",
title="A logical calculus of the ideas immanent in nervous activity",
journal="The bulletin of mathematical biophysics",
year="1943",
month="Dec",
day="01",
volume="5",
number="4",
pages="115--133"
}
@ARTICLE{Rosenblatt58theperceptron,
    author = {F. Rosenblatt},
    title = {The Perceptron: A Probabilistic Model for Information Storage and Organization in The Brain},
    journal = {Psychological Review},
    year = {1958},
    pages = {65--386}
}
@InProceedings{pmlr-v15-glorot11a,
  title = 	 {Deep Sparse Rectifier Neural Networks},
  author = 	 {Xavier Glorot and Antoine Bordes and Yoshua Bengio},
  booktitle = 	 {Proceedings of the Fourteenth International Conference on Artificial Intelligence and Statistics},
  pages = 	 {315--323},
  year = 	 {2011},
  editor = 	 {Geoffrey Gordon and David Dunson and Miroslav Dudík},
  volume = 	 {15},
  series = 	 {Proceedings of Machine Learning Research},
  address = 	 {Fort Lauderdale, FL, USA},
  month = 	 {11--13 Apr},
  publisher = 	 {PMLR},
  pdf = 	 {http://proceedings.mlr.press/v15/glorot11a/glorot11a.pdf},
  url = 	 {http://proceedings.mlr.press/v15/glorot11a.html},
}
@book{10.5555/3086952,
author = {Goodfellow, Ian and Bengio, Yoshua and Courville, Aaron},
title = {Deep Learning},
year = {2016},
isbn = {0262035618},
publisher = {The MIT Press}
}
@book{10.5555/1162264,
author = {Bishop, Christopher M.},
title = {Pattern Recognition and Machine Learning (Information Science and Statistics)},
year = {2006},
isbn = {0387310738},
publisher = {Springer-Verlag},
address = {Berlin, Heidelberg}
}
@inproceedings{10.1109/ICCV.2015.123,
 author = {He, Kaiming and Zhang, Xiangyu and Ren, Shaoqing and Sun, Jian},
 title = {Delving Deep into Rectifiers: Surpassing Human-Level Performance on ImageNet Classification},
 year = {2015},
 isbn = {9781467383912},
 publisher = {IEEE Computer Society},
 address = {USA},
 url = {https://doi.org/10.1109/ICCV.2015.123},
 doi = {10.1109/ICCV.2015.123},
 booktitle = {Proceedings of the 2015 IEEE International Conference on Computer Vision (ICCV)},
 pages = {1026–1034},
 numpages = {9},
 series = {ICCV ’15}
}
@article{Hahnloser,
author = {Hahnloser, Richard and Sarpeshkar, Rahul and Mahowald, Misha and Douglas, Rodney and Seung, H.},
year = {2000},
month = {07},
pages = {947-51},
title = {Digital selection and analogue amplification coexist in a cortex-inspired silicon circuit},
volume = {405},
journal = {Nature},
doi = {10.1038/35016072}
}
@inproceedings{Jarrett,
author = {Jarrett, Kevin and Kavukcuoglu, Koray and Ranzato, Marc'Aurelio and Lecun, Yann},
year = {2009},
month = {09},
pages = {},
title = {What is the Best Multi-Stage Architecture for Object Recognition?},
volume = {12},
journal = {In Proc Intl Conf on Comput Vis},
doi = {10.1109/ICCV.2009.5459469}
}
@inproceedings{10.5555/3104322.3104425,
 author = {Nair, Vinod and Hinton, Geoffrey E.},
 title = {Rectified Linear Units Improve Restricted Boltzmann Machines},
 year = {2010},
 isbn = {9781605589077},
 publisher = {Omnipress},
 address = {Madison, WI, USA},
 booktitle = {Proceedings of the 27th International Conference on International Conference on Machine Learning},
 pages = {807–814},
 numpages = {8},
 location = {Haifa, Israel},
 series = {ICML’10}
}
@inproceedings{Maas2013,
author = {Maas, Andrew L. and Hannun, Awni Y. and Ng, Andrew Y.},
booktitle = "International Conference on Machine Learning (ICML)",
title = {Rectifier Nonlinearities Improve Neural Network Acoustic Models},
url = {http://ai.stanford.edu/~amaas/papers/relu\_hybrid\_icml2013\_final.pdf},
year = {2013}
}
@article{Clevert2015FastAA,
  title={Fast and Accurate Deep Network Learning by Exponential Linear Units (ELUs)},
  author={Djork-Arn{\'e} Clevert and Thomas Unterthiner and Sepp Hochreiter},
  journal={CoRR},
  year={2015},
  volume={abs/1511.07289}
}
@article{DBLP:journals/corr/KlambauerUMH17,
  author    = {G{\"{u}}nter Klambauer and
               Thomas Unterthiner and
               Andreas Mayr and
               Sepp Hochreiter},
  title     = {Self-Normalizing Neural Networks},
  journal   = {CoRR},
  volume    = {abs/1706.02515},
  year      = {2017},
  url       = {http://arxiv.org/abs/1706.02515},
  archivePrefix = {arXiv},
  eprint    = {1706.02515},
  timestamp = {Mon, 13 Aug 2018 16:46:33 +0200},
  biburl    = {https://dblp.org/rec/bib/journals/corr/KlambauerUMH17},
  bibsource = {dblp computer science bibliography, https://dblp.org}
}
@article{DBLP:journals/corr/abs-1710-05941,
  author    = {Prajit Ramachandran and
               Barret Zoph and
               Quoc V. Le},
  title     = {Swish: a Self-Gated Activation Function},
  journal   = {CoRR},
  volume    = {abs/1710.05941},
  year      = {2017},
  url       = {http://arxiv.org/abs/1710.05941},
  archivePrefix = {arXiv},
  eprint    = {1710.05941},
  timestamp = {Mon, 13 Aug 2018 16:48:44 +0200},
  biburl    = {https://dblp.org/rec/bib/journals/corr/abs-1710-05941},
  bibsource = {dblp computer science bibliography, https://dblp.org}
}
@book{dudaHart1973,
  added-at = {2011-09-14T15:29:26.000+0200},
  address = {New Yotk},
  author = {Duda, R. O. and Hart, P. E.},
  biburl = {https://www.bibsonomy.org/bibtex/2098812b16c7081c0db102c1a37615dd3/jil},
  interhash = {b67a0d8f706c8cec908d83df62d3cf2f},
  intrahash = {098812b16c7081c0db102c1a37615dd3},
  keywords = {book classic k k-means kmeans means},
  publisher = {John Willey \& Sons},
  timestamp = {2013-11-23T20:11:51.000+0100},
  title = {Pattern Classification and Scene Analysis},
  year = 1973
}
@Article{ahs-labm-85,
author = "D. H. Ackley and G. E. Hinton and T. J. Sejnowski",
title = "A Learning Algorithm for {B}oltzmann Machines",
journal = "Cognitive Science",
volume = "9",
year = "1985",
pages = "147--169",
}
@incollection{RumelhartHintonWilliams86,
  added-at = {2008-09-16T23:39:07.000+0200},
  address = {Cambridge, MA, USA},
  author = {Rumelhart, D. E. and Hinton, G. E. and Williams, R. J.},
  biburl = {https://www.bibsonomy.org/bibtex/2e15b4f9b3a0fae4c3a5f88ee0425616e/brian.mingus},
  booktitle = {Parallel distributed processing: explorations in the microstructure
	of cognition},
  description = {CCNLab BibTeX},
  editor = {Rumelhart, D. E. and McClelland, J. L. and Group, PDP Research},
  interhash = {dd8485b30b80c7f35263bcb21ed81c1f},
  intrahash = {e15b4f9b3a0fae4c3a5f88ee0425616e},
  isbn = {0-262-68053-X},
  keywords = {imported},
  pages = {318--362},
  publisher = {MIT Press},
  timestamp = {2008-09-16T23:41:04.000+0200},
  title = {Learning internal representations by error propagation},
  volume = {1: foundations},
  year = 1986
}
@book{BrysonHo69,
  added-at = {2014-11-23T18:37:23.000+0100},
  address = {New York},
  author = {Bryson, A. E. and Ho, Y. C.},
  biburl = {https://www.bibsonomy.org/bibtex/27d13cce517ce39632aeabf713bc6fbeb/prlz77},
  booktitle = {Applied Optimal Control},
  description = {CCNLab BibTeX},
  interhash = {3f3142a9345a8acc8c96f47a01da5372},
  intrahash = {7d13cce517ce39632aeabf713bc6fbeb},
  keywords = {backpropagation},
  publisher = {Blaisdell},
  timestamp = {2014-11-23T18:37:23.000+0100},
  title = {Applied Optimal Control},
  year = 1969
}
@inproceedings{7fa6b6a5cde14bcfbd7ab3a8f19d0d56,
title = "Une procedure d'apprentissage pour reseau a seuil asymmetrique (A learning scheme for asymmetric threshold networks)",
author = "Yann {LeCun}",
year = "1985",
language = "English (US)",
pages = "599--604",
booktitle = "Proceedings of Cognitiva 85, Paris, France",
}
@article{Kelley:1960,
  author="H. J. Kelley",
  title="Gradient Theory of Optimal Flight Paths",
  journal="ARS Journal",
  volume="30",
  number="10",
  pages="947-954",
  year="1960"
}
@phdthesis{Werbos:74,
author =  {P. J. Werbos},
title =   {Beyond Regression: New Tools for Prediction and
	  Analysis in the Behavioral Sciences},
school =  {Harvard University},
year =    {1974}
}
@article{Hubel:62,
author = "D. H. Hubel and T.N. Wiesel",
title = "Receptive Fields, Binocular Interaction, and 
Functional Architecture in the Cat's Visual Cortex",
journal = {Journal of Physiology (London)},
pages = "106--154",
volume = {160},
year = {1962}
}
@book{MinskyPapert:69,
author = {M. Minsky and S. Papert},
title = {Perceptrons},
publisher = {Cambridge, MA: MIT Press},
year = {1969}
}
@article{fukushima:neocognitronbc,
  added-at = {2008-03-11T14:52:34.000+0100},
  author = {Fukushima, Kunihiko},
  biburl = {https://www.bibsonomy.org/bibtex/29ecd878c4827c46dab6b9622cfa00072/idsia},
  citeulike-article-id = {2376719},
  interhash = {303975e6400e477e91c91e7dc2c47544},
  intrahash = {9ecd878c4827c46dab6b9622cfa00072},
  journal = {Biological Cybernetics},
  keywords = {nn},
  pages = {193--202},
  priority = {2},
  timestamp = {2008-03-11T15:04:22.000+0100},
  title = {{N}eocognitron: {A} Self-Organizing Neural Network Model for a Mechanism of Pattern Recognition Unaffected by Shift in Position},
  volume = 36,
  year = 1980
}
@misc{guarav,
    author = "{Gaurav Belani}",
    title = "Should you choose a {GPU} or a {TPU} to train your machine learning models",
    year = "2020",
    howpublished = "\url{https://www.predictiveanalyticsworld.com/machinelearningtimes/should-you-choose-a-gpu-or-a-tpu-to-train-your-machine-learning-models/10460/}",
    note = "[Online; accessed 16-January-2020]"
}
@article{LeCun:89,
author = {Y. LeCun and B. Boser and J. S. Denker and D. Henderson and
R. E. Howard and W. Hubbard and L. D. Jackel},
title = { Back-Propagation Applied to Handwritten Zip Code Recognition},
journal={Neural Computation},
volume = {1},
number = {4},
pages={541-551},
year   = {1989}
}
@incollection{NIPS1988_107,
title = {Neural Network Recognizer for Hand-Written Zip Code Digits},
author = {John S. Denker and W. R. Gardner and Hans Peter Graf and Donnie Henderson and R. E. Howard and Hubbard, W. and Jackel, L. D. and Henry S. Baird and Isabelle Guyon},
booktitle = {Advances in Neural Information Processing Systems 1},
editor = {D. S. Touretzky},
pages = {323--331},
year = {1989},
publisher = {Morgan-Kaufmann},
}
@inproceedings{lecun-gradientbased-learning-applied-1998,
  added-at = {2010-06-28T21:14:36.000+0200},
  author = {LeCun, Yann and Bottou, Léon and Bengio, Yoshua and Haffner, Patrick},
  biburl = {https://www.bibsonomy.org/bibtex/29aa18bc67d862bdb83b6081e5506f050/mhwombat},
  booktitle = {Proceedings of the IEEE},
  citeseerurl = {http://citeseerx.ist.psu.edu/viewdoc/summary?doi=10.1.1.42.7665},
  file = {:neural_nets/lecun-98.pdf:PDF;:lecun-98.pdf:PDF},
  groups = {public},
  interhash = {7a82cccacd23cf06b25ff5325a6c86c7},
  intrahash = {9aa18bc67d862bdb83b6081e5506f050},
  keywords = {MSc character_recognition checked mnist network neural},
  number = 11,
  pages = {2278--2324},
  timestamp = {2016-07-12T19:25:30.000+0200},
  title = {Gradient-Based Learning Applied to Document
                 Recognition},
  url = {http://citeseerx.ist.psu.edu/viewdoc/summary?doi=10.1.1.42.7665},
  username = {mhwombat},
  volume = 86,
  year = 1998
}
@article{10.1162/neco.1997.9.8.1735,
 author = {Hochreiter, Sepp and Schmidhuber, J\"{u}rgen},
 title = {Long Short-Term Memory},
 year = {1997},
 issue_date = {November 1997},
 publisher = {MIT Press},
 address = {Cambridge, MA, USA},
 volume = {9},
 number = {8},
 issn = {0899-7667},
 url = {https://doi.org/10.1162/neco.1997.9.8.1735},
 doi = {10.1162/neco.1997.9.8.1735},
 journal = {Neural Comput.},
 month = nov,
 pages = {1735–1780},
 numpages = {46}
}
@article{Werbos:88gasmarket,
  added-at = {2008-03-11T14:52:34.000+0100},
  author = {Werbos, P. J.},
  biburl = {https://www.bibsonomy.org/bibtex/21cf7361576d8abe25f11fff1bdf22aa8/idsia},
  citeulike-article-id = {2381662},
  interhash = {924e8fa02b9b23ab9d327421262f332f},
  intrahash = {1cf7361576d8abe25f11fff1bdf22aa8},
  journal = {Neural Networks},
  keywords = {juergen},
  priority = {2},
  timestamp = {2008-03-11T14:53:50.000+0100},
  title = {Generalization of Backpropagation with Application to a Recurrent Gas Market Model},
  volume = 1,
  year = 1988
}
@article{graves09,
author = {Graves, Alex and Liwicki, Marcus and Fernández, Santiago and Bertolami, Roman and Bunke, Horst and Schmidhuber, Jürgen},
year = {2009},
month = {06},
pages = {855-68},
title = {A Novel Connectionist System for Unconstrained Handwriting Recognition},
volume = {31},
journal = {IEEE transactions on pattern analysis and machine intelligence},
doi = {10.1109/TPAMI.2008.137}
}
@inbook{10.5555/108235.108263,
author = {Waibel, Alexander and Hanazawa, Toshiyuki and Hinton, Geofrey and Shikano, Kiyohiro and Lang, Kevin J.},
title = {Phoneme Recognition Using Time-Delay Neural Networks},
year = {1990},
isbn = {1558601244},
publisher = {Morgan Kaufmann Publishers Inc.},
address = {San Francisco, CA, USA},
booktitle = {Readings in Speech Recognition},
pages = {393–404},
numpages = {12}
}
@article{gpu2004,
  title={{GPU} implementation of neural networks},
  author={Oh, Kyoung-Su and Jung, Keechul},
  journal={Pattern Recognition},
  volume={37},
  number={6},
  pages={1311--1314},
  year={2004},
  publisher={Elsevier}
}
@inproceedings{chellapilla:inria-00112631,
  TITLE = {{High Performance Convolutional Neural Networks for Document Processing}},
  AUTHOR = {Chellapilla, Kumar and Puri, Sidd and Simard, Patrice},
  URL = {https://hal.inria.fr/inria-00112631},
  NOTE = {http://www.suvisoft.com},
  BOOKTITLE = {{Tenth International Workshop on Frontiers in Handwriting Recognition}},
  ADDRESS = {La Baule (France)},
  ORGANIZATION = {{Universit{\'e} de Rennes 1}},
  EDITOR = {Guy Lorette},
  PUBLISHER = {{Suvisoft}},
  YEAR = {2006},
  MONTH = Oct,
  KEYWORDS = {Convolutional neural networks ; BLAS ; GPU},
  PDF = {https://hal.inria.fr/inria-00112631/file/p1038112283956.pdf},
  HAL_ID = {inria-00112631},
  HAL_VERSION = {v1},
}
@article{10.1162/NECO_a_00052,
 author = {Ciresan, Dan Claudiu and Meier, Ueli and Gambardella, Luca Maria and Schmidhuber, J\"{u}rgen},
 title = {Deep, Big, Simple Neural Nets for Handwritten Digit Recognition},
 year = {2010},
 issue_date = {December 2010},
 publisher = {MIT Press},
 address = {Cambridge, MA, USA},
 volume = {22},
 number = {12},
 issn = {0899-7667},
 url = {https://doi.org/10.1162/NECO_a_00052},
 doi = {10.1162/NECO_a_00052},
 journal = {Neural Comput.},
 month = dec,
 pages = {3207–3220},
 numpages = {14}
}
@inproceedings{Ciresan12multi-columndeep,
  title={Multi-column deep neural networks for image classification},
  author={Ciregan, Dan and Meier, Ueli and Schmidhuber, J{\"u}rgen},
  booktitle={2012 IEEE conference on computer vision and pattern recognition},
  pages={3642--3649},
  year={2012},
  organization={IEEE}
}
@inproceedings{10.5555/1896300.1896315,
 author = {LeCun, Yann and Huang, Fu Jie and Bottou, L\'{e}on},
 title = {Learning Methods for Generic Object Recognition with Invariance to Pose and Lighting},
 year = {2004},
 publisher = {IEEE Computer Society},
 address = {USA},
 booktitle = {Proceedings of the 2004 IEEE Computer Society Conference on Computer Vision and Pattern Recognition},
 pages = {97–104},
 numpages = {8},
 location = {Washington, D.C., USA},
 series = {CVPR’04}
}
@INPROCEEDINGS{icdar2011Chinese,
 author = {C. Liu and F. Yin and Q. Wang and D. Wang},
 title = {{ICDAR 2011 Chinese} Handwriting Recognition Competition},
 booktitle = {11th International Conference on Document Analysis and Recognition},
 year = {2011},
 pages = {1464-1469}
}
@article{krizhevsky2009learning,
  title={Learning multiple layers of features from tiny images},
  author={Krizhevsky, Alex and Hinton, Geoffrey and others},
  year={2009},
  publisher={Citeseer}
}
@inproceedings{stallkamp:11,
author = {Stallkamp, Johannes and Schlipsing, Marc and Salmen, Jan and Igel, Christian},
year = {2011},
month = {09},
pages = {1453 - 1460},
title = {The German Traffic Sign Recognition Benchmark: A multi-class classification competition},
journal = {Proceedings of the International Joint Conference on Neural Networks},
doi = {10.1109/IJCNN.2011.6033395}
}
@article{Silver_2016,
  added-at = {2016-03-11T14:36:05.000+0100},
  author = {Silver, David and Huang, Aja and Maddison, Chris J. and Guez, Arthur and Sifre, Laurent and van den Driessche, George and Schrittwieser, Julian and Antonoglou, Ioannis and Panneershelvam, Veda and Lanctot, Marc and Dieleman, Sander and Grewe, Dominik and Nham, John and Kalchbrenner, Nal and Sutskever, Ilya and Lillicrap, Timothy and Leach, Madeleine and Kavukcuoglu, Koray and Graepel, Thore and Hassabis, Demis},
  biburl = {https://www.bibsonomy.org/bibtex/29e987f58d895c490144693139cbc90c7/ytyoun},
  doi = {10.1038/nature16961},
  interhash = {48430c7891aaf9fe2582faa8f5d076c1},
  intrahash = {9e987f58d895c490144693139cbc90c7},
  journal = {Nature},
  keywords = {baduk go google},
  month = jan,
  number = 7587,
  pages = {484--489},
  publisher = {Nature Publishing Group},
  timestamp = {2016-03-11T14:37:40.000+0100},
  title = {Mastering the Game of {Go} with Deep Neural Networks and Tree Search},
  volume = 529,
  year = 2016
}
@InProceedings{10.1007/978-3-319-67361-5_18,
author="Baweja, Harjatin Singh
and Parhar, Tanvir
and Mirbod, Omeed
and Nuske, Stephen",
editor="Hutter, Marco
and Siegwart, Roland",
title="StalkNet: A Deep Learning Pipeline for High-Throughput Measurement of Plant Stalk Count and Stalk Width",
booktitle="Field and Service Robotics",
year="2018",
publisher="Springer International Publishing",
address="Cham",
pages="271--284",
isbn="978-3-319-67361-5"
}
@article{DBLP:journals/corr/LongSD14,
  author    = {Jonathan Long and
               Evan Shelhamer and
               Trevor Darrell},
  title     = {Fully Convolutional Networks for Semantic Segmentation},
  journal   = {CoRR},
  volume    = {abs/1411.4038},
  year      = {2014},
  url       = {http://arxiv.org/abs/1411.4038},
  archivePrefix = {arXiv},
  eprint    = {1411.4038},
  timestamp = {Mon, 13 Aug 2018 16:48:17 +0200},
  biburl    = {https://dblp.org/rec/bib/journals/corr/LongSD14},
  bibsource = {dblp computer science bibliography, https://dblp.org}
}
@article{DBLP:journals/corr/Girshick15,
  author    = {Ross B. Girshick},
  title     = {Fast {R-CNN}},
  journal   = {CoRR},
  volume    = {abs/1504.08083},
  year      = {2015},
  url       = {http://arxiv.org/abs/1504.08083},
  archivePrefix = {arXiv},
  eprint    = {1504.08083},
  timestamp = {Mon, 13 Aug 2018 16:49:11 +0200},
  biburl    = {https://dblp.org/rec/bib/journals/corr/Girshick15},
  bibsource = {dblp computer science bibliography, https://dblp.org}
}
@article{taghavi:18,
author = {Taghavi, Sarah and Esmaeilzadeh, Mohammad and Najafi, Mohammad and Brown, Tim and Borevitz, Justin},
year = {2018},
month = {12},
pages = {},
title = {Deep phenotyping: Deep learning for temporal phenotype/genotype classification},
volume = {14},
journal = {Plant Methods},
doi = {10.1186/s13007-018-0333-4}
}
@Article{agronomy9120833,
AUTHOR = {Khaki, Saeed and Khalilzadeh, Zahra and Wang, Lizhi},
TITLE = {Classification of Crop Tolerance to Heat and Drought—A Deep Convolutional Neural Networks Approach},
JOURNAL = {Agronomy},
VOLUME = {9},
YEAR = {2019},
NUMBER = {12},
ARTICLE-NUMBER = {833},
URL = {https://www.mdpi.com/2073-4395/9/12/833},
ISSN = {2073-4395},
DOI = {10.3390/agronomy9120833}
}
@misc{syngenta,
    author = "{Syngenta}",
    title = "{Syngenta Crop Challenge In Analytics}",
    year = "2019",
    howpublished = "\url{https://www.ideaconnection.com/syngenta-crop-challenge/challenge.php}",
    note = "[Online; accessed 16-January-2020]"
}
@article{zhang2019deep,
  title={Deep learning for field-based automated high-throughput plant phenotyping},
  author={Zhang, Zhisheng},
  year={2019},
  volume = {17628},
  journal = {Graduate Theses and Dissertations},
}
@inproceedings{lin2017focal,
  title={Focal loss for dense object detection},
  author={Lin, Tsung-Yi and Goyal, Priya and Girshick, Ross and He, Kaiming and Doll{\'a}r, Piotr},
  booktitle={Proceedings of the IEEE international conference on computer vision},
  pages={2980--2988},
  year={2017}
}
@article{rasmussen2019maize,
  title={Maize Silage Kernel Fragment Estimation Using Deep Learning-Based Object Recognition in Non-Separated Kernel/Stover RGB Images},
  author={Rasmussen, Christoffer B{\o}gelund and Moeslund, Thomas B},
  journal={Sensors},
  volume={19},
  number={16},
  pages={3506},
  year={2019},
  publisher={Multidisciplinary Digital Publishing Institute}
}
@article{oliveira2018scalable,
  title={A scalable machine learning system for pre-season agriculture yield forecast},
  author={Oliveira, Igor and Cunha, Renato LF and Silva, Bruno and Netto, Marco AS},
  journal={arXiv preprint arXiv:1806.09244},
  year={2018}
}
@article{tetila2019deep,
  title={A Deep-Learning Approach for Automatic Counting of Soybean Insect Pests},
  author={Tetila, Everton Castel{\~a}o and Machado, Bruno Brandoli and Menezes, Geazy Vilharva and de Souza Belete, N{\'\i}colas Alessandro and Astolfi, Gilberto and Pistori, Hemerson},
  journal={IEEE Geoscience and Remote Sensing Letters},
  year={2019},
  publisher={IEEE}
}
@article{chen2018automatic,
  title={Automatic segmentation and counting of aphid nymphs on leaves using convolutional neural networks},
  author={Chen, Jian and Fan, Yangyang and Wang, Tao and Zhang, Chu and Qiu, Zhengjun and He, Yong},
  journal={Agronomy},
  volume={8},
  number={8},
  pages={129},
  year={2018},
  publisher={Multidisciplinary Digital Publishing Institute}
}
@inproceedings{huang2017densely,
  title={Densely connected convolutional networks},
  author={Huang, Gao and Liu, Zhuang and Van Der Maaten, Laurens and Weinberger, Kilian Q},
  booktitle={Proceedings of the IEEE conference on computer vision and pattern recognition},
  pages={4700--4708},
  year={2017}
}
@article{prasanna2016using,
  title={Using Deep Learning for Image-Based Plant Disease Detection},
  author={Mohanty, Sharada and Hughes, David and Salathe, Marcel},
  journal={arXiv preprint arXiv:1604.03169},
  year={2016}
}
@article{sladojevic2016deep,
  title={Deep neural networks based recognition of plant diseases by leaf image classification},
  author={Sladojevic, Srdjan and Arsenovic, Marko and Anderla, Andras and Culibrk, Dubravko and Stefanovic, Darko},
  journal={Computational intelligence and neuroscience},
  volume={2016},
  year={2016},
  publisher={Hindawi}
}
@article{ferentinos2018deep,
  title={Deep learning models for plant disease detection and diagnosis},
  author={Ferentinos, Konstantinos P},
  journal={Computers and Electronics in Agriculture},
  volume={145},
  pages={311--318},
  year={2018},
  publisher={Elsevier}
}
@inproceedings{szegedy2015going,
  title={Going deeper with convolutions},
  author={Szegedy, Christian and Liu, Wei and Jia, Yangqing and Sermanet, Pierre and Reed, Scott and Anguelov, Dragomir and Erhan, Dumitru and Vanhoucke, Vincent and Rabinovich, Andrew},
  booktitle={Proceedings of the IEEE conference on computer vision and pattern recognition},
  pages={1--9},
  year={2015}
}
@article{krizhevsky2014one,
  title={One weird trick for parallelizing convolutional neural networks},
  author={Krizhevsky, Alex},
  journal={arXiv preprint arXiv:1404.5997},
  year={2014}
}
@article{sermanet2013overfeat,
  title={Overfeat: Integrated recognition, localization and detection using convolutional networks},
  author={Sermanet, Pierre and Eigen, David and Zhang, Xiang and Mathieu, Micha{\"e}l and Fergus, Rob and LeCun, Yann},
  journal={arXiv preprint arXiv:1312.6229},
  year={2013}
}
@article{simonyan2014very,
  title={Very deep convolutional networks for large-scale image recognition},
  author={Simonyan, Karen and Zisserman, Andrew},
  journal={arXiv preprint arXiv:1409.1556},
  year={2014}
}
@article{chen2019visual,
  title={Visual tea leaf disease recognition using a Convolutional Neural Network model},
  author={Chen, Jing and Liu, Qi and Gao, Lingwang},
  journal={Symmetry},
  volume={11},
  number={3},
  pages={343},
  year={2019},
  publisher={Multidisciplinary Digital Publishing Institute}
}
@article{barre2017leafnet,
  title={LeafNet: A computer vision system for automatic plant species identification},
  author={Barr{\'e}, Pierre and St{\"o}ver, Ben C and M{\"u}ller, Kai F and Steinhage, Volker},
  journal={Ecological Informatics},
  volume={40},
  pages={50--56},
  year={2017},
  publisher={Elsevier}
}
@article{yu2019deep,
  title={Deep learning for image-based weed detection in turfgrass},
  author={Yu, Jialin and Sharpe, Shaun M and Schumann, Arnold W and Boyd, Nathan S},
  journal={European journal of agronomy},
  volume={104},
  pages={78--84},
  year={2019},
  publisher={Elsevier}
}
@article{tao2016detectnet,
  title={Detectnet: Deep neural network for object detection in digits},
  author={Tao, Andrew and Barker, Jon and Sarathy, Sriya},
  journal={Parallel Forall},
  volume={4},
  year={2016}
}
@article{sa2018weedmap,
  title={Weedmap: a large-scale semantic weed mapping framework using aerial multispectral imaging and deep neural network for precision farming},
  author={Sa, Inkyu and Popovi{\'c}, Marija and Khanna, Raghav and Chen, Zetao and Lottes, Philipp and Liebisch, Frank and Nieto, Juan and Stachniss, Cyrill and Walter, Achim and Siegwart, Roland},
  journal={Remote Sensing},
  volume={10},
  number={9},
  pages={1423},
  year={2018},
  publisher={Multidisciplinary Digital Publishing Institute}
}
@article{garcia2017review,
  title={A review on deep learning techniques applied to semantic segmentation},
  author={Garcia-Garcia, Alberto and Orts-Escolano, Sergio and Oprea, Sergiu and Villena-Martinez, Victor and Garcia-Rodriguez, Jose},
  journal={arXiv preprint arXiv:1704.06857},
  year={2017}
}
@article{badrinarayanan2017segnet,
  title={Segnet: A deep convolutional encoder-decoder architecture for image segmentation},
  author={Badrinarayanan, Vijay and Kendall, Alex and Cipolla, Roberto},
  journal={IEEE transactions on pattern analysis and machine intelligence},
  volume={39},
  number={12},
  pages={2481--2495},
  year={2017},
  publisher={IEEE}
}
@book{boyd2004convex,
  title={Convex optimization},
  author={Boyd, Stephen and Boyd, Stephen P and Vandenberghe, Lieven},
  year={2004},
  publisher={Cambridge university press}
}
@article{robbins1951stochastic,
  title={A stochastic approximation method},
  author={Robbins, Herbert and Monro, Sutton},
  journal={The annals of mathematical statistics},
  pages={400--407},
  year={1951},
  publisher={JSTOR}
}
@article{bottou2018optimization,
  title={Optimization methods for large-scale machine learning},
  author={Bottou, L{\'e}on and Curtis, Frank E and Nocedal, Jorge},
  journal={Siam Review},
  volume={60},
  number={2},
  pages={223--311},
  year={2018},
  publisher={SIAM}
}
@article{nemirovski2009robust,
  title={Robust stochastic approximation approach to stochastic programming},
  author={Nemirovski, Arkadi and Juditsky, Anatoli and Lan, Guanghui and Shapiro, Alexander},
  journal={SIAM Journal on optimization},
  volume={19},
  number={4},
  pages={1574--1609},
  year={2009},
  publisher={SIAM}
}
@article{dekel2012optimal,
  title={Optimal distributed online prediction using mini-batches},
  author={Dekel, Ofer and Gilad-Bachrach, Ran and Shamir, Ohad and Xiao, Lin},
  journal={Journal of Machine Learning Research},
  volume={13},
  number={Jan},
  pages={165--202},
  year={2012}
}
@article{sobel19683x3,
  title={A 3x3 isotropic gradient operator for image processing},
  author={Sobel, Irwin and Feldman, Gary},
  journal={Stanford Artificial Intelligence Project},
  year={1968}
}
@incollection{jaehne1999k,
	title = {Principles of filter design},
	volume = {2},
	year = {1999},
	pages = {125--151},
	publisher = {Academic Press},
	author = {Bernd J{\"a}hne and Hanno Scharr and K{\"o}rkel, S. and Bernd J{\"a}hne and Horst Hau{\ss}ecker and Peter Gei{\ss}ler}
}
@article{Howard_2020,
   title={Fastai: A Layered API for Deep Learning},
   volume={11},
   ISSN={2078-2489},
   url={http://dx.doi.org/10.3390/info11020108},
   DOI={10.3390/info11020108},
   number={2},
   journal={Information},
   publisher={MDPI AG},
   author={Howard, Jeremy and Gugger, Sylvain},
   year={2020},
   month={Feb},
   pages={108}
}
@incollection{NEURIPS2019_9015,
title = {PyTorch: An Imperative Style, High-Performance Deep Learning Library},
author = {Paszke, Adam and Gross, Sam and Massa, Francisco and Lerer, Adam and Bradbury, James and Chanan, Gregory and Killeen, Trevor and Lin, Zeming and Gimelshein, Natalia and Antiga, Luca and Desmaison, Alban and Kopf, Andreas and Yang, Edward and DeVito, Zachary and Raison, Martin and Tejani, Alykhan and Chilamkurthy, Sasank and Steiner, Benoit and Fang, Lu and Bai, Junjie and Chintala, Soumith},
booktitle = {Advances in Neural Information Processing Systems 32},
pages = {8024--8035},
year = {2019},
publisher = {Curran Associates, Inc.},
url = {http://papers.neurips.cc/paper/9015-pytorch-an-imperative-style-high-performance-deep-learning-library.pdf}
}
@article{stephen2019efficient,
  title={An efficient deep learning approach to pneumonia classification in healthcare},
  author={Stephen, Okeke and Sain, Mangal and Maduh, Uchenna Joseph and Jeong, Do-Un},
  journal={Journal of healthcare engineering},
  volume={2019},
  year={2019},
  publisher={Hindawi}
}
@book{zhang2020dive,
    title={Dive into Deep Learning},
    author={Aston Zhang and Zachary C. Lipton and Mu Li and Alexander J. Smola},
    note={\url{https://d2l.ai}},
    year={2020}
}
@misc{simonyan2015deep,
      title={Very Deep Convolutional Networks for Large-Scale Image Recognition}, 
      author={Karen Simonyan and Andrew Zisserman},
      year={2015},
      eprint={1409.1556},
      archivePrefix={arXiv},
      primaryClass={cs.CV}
}
@article{Das2019DoubleCV,
  title={Double Coated VGG16 Architecture: An Enhanced Approach for Genre Classification of Spectrographic Representation of Musical Pieces},
  author={P. Das and Aundrila Acharjee and Marium-E-Jannat},
  journal={2019 22nd International Conference on Computer and Information Technology (ICCIT)},
  year={2019},
  pages={1-5}
}
@misc{zagoruyko2017wide,
      title={Wide Residual Networks}, 
      author={Sergey Zagoruyko and Nikos Komodakis},
      year={2017},
      eprint={1605.07146},
      archivePrefix={arXiv},
      primaryClass={cs.CV}
}
@inproceedings{behera2019performance,
  title={Performance evaluation of deep learning algorithms in biomedical document classification},
  author={Behera, Bichitrananda and Kumaravelan, G and others},
  booktitle={2019 11th International Conference on Advanced Computing (ICoAC)},
  pages={220--224},
  year={2019},
  organization={IEEE}
}
@InProceedings{ioffe15, 
	title = {Batch Normalization: Accelerating Deep Network Training by Reducing Internal Covariate Shift}, 
	author = {Sergey Ioffe and Christian Szegedy}, 
	booktitle = {Proceedings of the 32nd International Conference on Machine Learning}, 
	pages = {448--456}, 
	year = {2015}, 
	volume = {37}, 
	series = {Proceedings of Machine Learning Research}, 
	address = {Lille, France}, 
	month = {07--09 Jul}, 
	publisher = {PMLR}, 
	pdf = {http://proceedings.mlr.press/v37/ioffe15.pdf} 
}
@article{vsrivastava14a,
  author  = {Nitish Srivastava and Geoffrey Hinton and Alex Krizhevsky and Ilya Sutskever and Ruslan Salakhutdinov},
  title   = {Dropout: A Simple Way to Prevent Neural Networks from Overfitting},
  journal = {Journal of Machine Learning Research},
  year    = {2014},
  volume  = {15},
  number  = {56},
  pages   = {1929-1958},
  url     = {http://jmlr.org/papers/v15/srivastava14a.html}
}
@inproceedings{dauphin17e,
 author = {Dauphin, Yann N and Pascanu, Razvan and Gulcehre, Caglar and Cho, Kyunghyun and Ganguli, Surya and Bengio, Yoshua},
 booktitle = {Advances in Neural Information Processing Systems},
 editor = {Z. Ghahramani and M. Welling and C. Cortes and N. Lawrence and K. Q. Weinberger},
 pages = {2933--2941},
 publisher = {Curran Associates, Inc.},
 title = {Identifying and attacking the saddle point problem in high-dimensional non-convex optimization},
 url = {https://proceedings.neurips.cc/paper/2014/file/17e23e50bedc63b4095e3d8204ce063b-Paper.pdf},
 volume = {27},
 year = {2014}
}
@article{qian1999momentum,
  title={On the momentum term in gradient descent learning algorithms},
  author={Qian, Ning},
  journal={The Official Journal of the International Neural Network Society},
  volume={12},
  number={1},
  pages={145--151},
  year={1999},
  publisher={Elsevier}
}
@inproceedings{nesterov1983method,
  title={A method for unconstrained convex minimization problem with the rate of convergence O(1/k2)},
  author={Nesterov, Yurii},
  booktitle={Doklady ANSSSR},
  volume={269},
  pages={543--547},
  year={1983}
}
@article{duchi2011adaptive,
  title={Adaptive subgradient methods for online learning and stochastic optimization.},
  author={Duchi, John and Hazan, Elad and Singer, Yoram},
  journal={Journal of machine learning research},
  volume={12},
  number={7},
  year={2011}
}
@article{kingma2014adam,
  title={Adam: A method for stochastic optimization},
  author={Kingma, Diederik P and Ba, Jimmy},
  journal={arXiv preprint arXiv:1412.6980},
  year={2014}
}

