@article{Krizhevsky,
author = {Krizhevsky, Alex and Sutskever, Ilya and Hinton, Geoffrey},
year = {2012},
month = {01},
pages = {},
title = {ImageNet Classification with Deep Convolutional Neural Networks},
volume = {25},
journal = {Neural Information Processing Systems},
doi = {10.1145/3065386}
}
@ARTICLE{Rosenblatt58theperceptron,
    author = {F. Rosenblatt},
    title = {The Perceptron: A Probabilistic Model for Information Storage and Organization in The Brain},
    journal = {Psychological Review},
    year = {1958},
    pages = {65--386}
}
@book{MinskyPapert:69,
author = {M. Minsky and S. Papert},
title = {Perceptrons},
publisher = {Cambridge, MA: MIT Press},
year = {1969}
}
@inproceedings{lecun-gradientbased-learning-applied-1998,
  added-at = {2010-06-28T21:14:36.000+0200},
  author = {LeCun, Yann and Bottou, LÃ©on and Bengio, Yoshua and Haffner, Patrick},
  biburl = {https://www.bibsonomy.org/bibtex/29aa18bc67d862bdb83b6081e5506f050/mhwombat},
  booktitle = {Proceedings of the IEEE},
  citeseerurl = {http://citeseerx.ist.psu.edu/viewdoc/summary?doi=10.1.1.42.7665},
  file = {:neural_nets/lecun-98.pdf:PDF;:lecun-98.pdf:PDF},
  groups = {public},
  interhash = {7a82cccacd23cf06b25ff5325a6c86c7},
  intrahash = {9aa18bc67d862bdb83b6081e5506f050},
  keywords = {MSc character_recognition checked mnist network neural},
  number = 11,
  pages = {2278--2324},
  timestamp = {2016-07-12T19:25:30.000+0200},
  title = {Gradient-Based Learning Applied to Document
                 Recognition},
  url = {http://citeseerx.ist.psu.edu/viewdoc/summary?doi=10.1.1.42.7665},
  username = {mhwombat},
  volume = 86,
  year = 1998
}
@InProceedings{10.1007/978-3-319-67361-5_18,
author="Baweja, Harjatin Singh
and Parhar, Tanvir
and Mirbod, Omeed
and Nuske, Stephen",
editor="Hutter, Marco
and Siegwart, Roland",
title="StalkNet: A Deep Learning Pipeline for High-Throughput Measurement of Plant Stalk Count and Stalk Width",
booktitle="Field and Service Robotics",
year="2018",
publisher="Springer International Publishing",
address="Cham",
pages="271--284",
isbn="978-3-319-67361-5"
}
@article{chen2018automatic,
  title={Automatic segmentation and counting of aphid nymphs on leaves using convolutional neural networks},
  author={Chen, Jian and Fan, Yangyang and Wang, Tao and Zhang, Chu and Qiu, Zhengjun and He, Yong},
  journal={Agronomy},
  volume={8},
  number={8},
  pages={129},
  year={2018},
  publisher={Multidisciplinary Digital Publishing Institute}
}
@article{sa2018weedmap,
  title={Weedmap: a large-scale semantic weed mapping framework using aerial multispectral imaging and deep neural network for precision farming},
  author={Sa, Inkyu and Popovi{\'c}, Marija and Khanna, Raghav and Chen, Zetao and Lottes, Philipp and Liebisch, Frank and Nieto, Juan and Stachniss, Cyrill and Walter, Achim and Siegwart, Roland},
  journal={Remote Sensing},
  volume={10},
  number={9},
  pages={1423},
  year={2018},
  publisher={Multidisciplinary Digital Publishing Institute}
}
@article{ferentinos2018deep,
  title={Deep learning models for plant disease detection and diagnosis},
  author={Ferentinos, Konstantinos P},
  journal={Computers and Electronics in Agriculture},
  volume={145},
  pages={311--318},
  year={2018},
  publisher={Elsevier}
}
@article{rasmussen2019maize,
  title={Maize Silage Kernel Fragment Estimation Using Deep Learning-Based Object Recognition in Non-Separated Kernel/Stover RGB Images},
  author={Rasmussen, Christoffer B{\o}gelund and Moeslund, Thomas B},
  journal={Sensors},
  volume={19},
  number={16},
  pages={3506},
  year={2019},
  publisher={Multidisciplinary Digital Publishing Institute}
}
@article{zhang2019deep,
  title={Deep learning for field-based automated high-throughput plant phenotyping},
  author={Zhang, Zhisheng},
  year={2019},
  volume = {17628},
  journal = {Graduate Theses and Dissertations},
}
@article{tetila2019deep,
  title={A Deep-Learning Approach for Automatic Counting of Soybean Insect Pests},
  author={Tetila, Everton Castel{\~a}o and Machado, Bruno Brandoli and Menezes, Geazy Vilharva and de Souza Belete, N{\'\i}colas Alessandro and Astolfi, Gilberto and Pistori, Hemerson},
  journal={IEEE Geoscience and Remote Sensing Letters},
  year={2019},
  publisher={IEEE}
}
@article{yu2019deep,
  title={Deep learning for image-based weed detection in turfgrass},
  author={Yu, Jialin and Sharpe, Shaun M and Schumann, Arnold W and Boyd, Nathan S},
  journal={European journal of agronomy},
  volume={104},
  pages={78--84},
  year={2019},
  publisher={Elsevier}
}
@article{chen2019visual,
  title={Visual tea leaf disease recognition using a Convolutional Neural Network model},
  author={Chen, Jing and Liu, Qi and Gao, Lingwang},
  journal={Symmetry},
  volume={11},
  number={3},
  pages={343},
  year={2019},
  publisher={Multidisciplinary Digital Publishing Institute}
}
@article{bottou2018optimization,
  title={Optimization methods for large-scale machine learning},
  author={Bottou, L{\'e}on and Curtis, Frank E and Nocedal, Jorge},
  journal={Siam Review},
  volume={60},
  number={2},
  pages={223--311},
  year={2018},
  publisher={SIAM}
}
@book{zhang2020dive,
    title={Dive into Deep Learning},
    author={Aston Zhang and Zachary C. Lipton and Mu Li and Alexander J. Smola},
    note={\url{https://d2l.ai}},
    year={2020}
}
@article{Howard_2020,
   title={Fastai: A Layered API for Deep Learning},
   volume={11},
   ISSN={2078-2489},
   url={http://dx.doi.org/10.3390/info11020108},
   DOI={10.3390/info11020108},
   number={2},
   journal={Information},
   publisher={MDPI AG},
   author={Howard, Jeremy and Gugger, Sylvain},
   year={2020},
   month={Feb},
   pages={108}
}
@incollection{NEURIPS2019_9015,
title = {PyTorch: An Imperative Style, High-Performance Deep Learning Library},
author = {Paszke, Adam and Gross, Sam and Massa, Francisco and Lerer, Adam and Bradbury, James and Chanan, Gregory and Killeen, Trevor and Lin, Zeming and Gimelshein, Natalia and Antiga, Luca and Desmaison, Alban and Kopf, Andreas and Yang, Edward and DeVito, Zachary and Raison, Martin and Tejani, Alykhan and Chilamkurthy, Sasank and Steiner, Benoit and Fang, Lu and Bai, Junjie and Chintala, Soumith},
booktitle = {Advances in Neural Information Processing Systems 32},
pages = {8024--8035},
year = {2019},
publisher = {Curran Associates, Inc.},
url = {http://papers.neurips.cc/paper/9015-pytorch-an-imperative-style-high-performance-deep-learning-library.pdf}
}
@inproceedings{dauphin17e,
 author = {Dauphin, Yann N and Pascanu, Razvan and Gulcehre, Caglar and Cho, Kyunghyun and Ganguli, Surya and Bengio, Yoshua},
 booktitle = {Advances in Neural Information Processing Systems},
 editor = {Z. Ghahramani and M. Welling and C. Cortes and N. Lawrence and K. Q. Weinberger},
 pages = {2933--2941},
 publisher = {Curran Associates, Inc.},
 title = {Identifying and attacking the saddle point problem in high-dimensional non-convex optimization},
 url = {https://proceedings.neurips.cc/paper/2014/file/17e23e50bedc63b4095e3d8204ce063b-Paper.pdf},
 volume = {27},
 year = {2014}
}
@article{qian1999momentum,
  title={On the momentum term in gradient descent learning algorithms},
  author={Qian, Ning},
  journal={The Official Journal of the International Neural Network Society},
  volume={12},
  number={1},
  pages={145--151},
  year={1999},
  publisher={Elsevier}
}
@article{kingma2014adam,
  title={Adam: A method for stochastic optimization},
  author={Kingma, Diederik P and Ba, Jimmy},
  journal={arXiv preprint arXiv:1412.6980},
  year={2014}
}
@article{Das2019DoubleCV,
  title={Double Coated VGG16 Architecture: An Enhanced Approach for Genre Classification of Spectrographic Representation of Musical Pieces},
  author={P. Das and Aundrila Acharjee and Marium-E-Jannat},
  journal={2019 22nd International Conference on Computer and Information Technology (ICCIT)},
  year={2019},
  pages={1-5}
}
@article{He2015DeepRL,
  title={Deep Residual Learning for Image Recognition},
  author={Kaiming He and Xiangyu Zhang and Shaoqing Ren and Jian Sun},
  journal={2016 IEEE Conference on Computer Vision and Pattern Recognition (CVPR)},
  year={2015},
  pages={770-778}
}
@inproceedings{Xie,
  title={Aggregated residual transformations for deep neural networks},
  author={Xie, Saining and Girshick, Ross and Doll{\'a}r, Piotr and Tu, Zhuowen and He, Kaiming},
  booktitle={Proceedings of the IEEE conference on computer vision and pattern recognition},
  pages={1492--1500},
  year={2017}
}
@misc{zagoruyko2017wide,
      title={Wide Residual Networks}, 
      author={Sergey Zagoruyko and Nikos Komodakis},
      year={2017},
      eprint={1605.07146},
      archivePrefix={arXiv},
      primaryClass={cs.CV}
}

